
@book{roe1999wobbly,
  title={Wobbly Winds in an Ice Age: The Mutual Interaction Between the Great Continental Ice Sheets and Atmospheric Stationary Waves},
  author={Roe, G.H.},
  url={http://hdl.handle.net/1721.1/57859},
  year={1999},
  publisher={Massachusetts Institute of Technology, Department of Earth, Atmospheric, and Planetary Sciences}
}
@article{roe2003orographic,
  title={Orographic precipitation and the relief of mountain ranges},
  author={Roe, Gerard H and Montgomery, David R and Hallet, Bernard},
  journal={Journal of Geophysical Research: Solid Earth (1978--2012)},
  volume={108},
  number={B6},
  year={2003},
  publisher={Wiley Online Library}
}
@article{sanberg1983modelling,
  title={Modelling of Pleistocene European ice sheets: the effect of upslope precipitation},
  author={Sanberg, JAM and Oerlemans, J},
  journal={Geologie en Mijnbouw},
  volume={62},
  pages={267--273},
  year={1983},
  publisher={Tiesing}
}
@incollection{letreguilly1993modelling,
  title={Modelling of the Fennoscandian ice sheet},
  author={Letreguilly, Anne and Ritz, Catherine},
  booktitle={Ice in the climate system},
  pages={21--46},
  year={1993},
  publisher={Springer}
}
